

@article{aaa,
  title={Investigating the impact of game features and content on champion usage in league of legends},
  author={Lee, Choong-Soo and Ramler, Ivan},
  journal={Proceedings of the Foundation of Digital Games},
  year={2015}
}
@inproceedings{bbb,
  title={From Generative to Conventional Play: MOBA and League of Legends.},
  author={Ferrari, Simon},
  booktitle={DiGRA Conference},
  year={2013}
}
@inproceedings{ccc,
  title={Governance in League of Legends: A hybrid system.},
  author={Kou, Yubo and Nardi, Bonnie A},
  booktitle={FDG},
  year={2014}
}
@article{ddd,
  title={Linguistic analysis of toxic behavior in an online video game},
  author={Kwak, Haewoon and Blackburn, Jeremy},
  journal={arXiv preprint arXiv:1410.5185},
  year={2014}
}