

@article{cite01,
  title={The parable of Google Flu: traps in big data analysis},
  author={Lazer, David and Kennedy, Ryan and King, Gary and Vespignani, Alessandro},
  journal={Science},
  volume={343},
  number={6176},
  pages={1203--1205},
  year={2014},
  publisher={American Association for the Advancement of Science}
}
@article{cite02,
  title={Beyond the geotag: situating ‘big data’and leveraging the potential of the geoweb},
  author={Crampton, Jeremy W and Graham, Mark and Poorthuis, Ate and Shelton, Taylor and Stephens, Monica and Wilson, Matthew W and Zook, Matthew},
  journal={Cartography and geographic information science},
  volume={40},
  number={2},
  pages={130--139},
  year={2013},
  publisher={Taylor \& Francis}
}
@book{cite03,
  title={Weapons of math destruction: How big data increases inequality and threatens democracy},
  author={O'Neil, Cathy},
  year={2017},
  publisher={Broadway Books}
}
@article{cite04,
  title={A reexamination of the effect of big-time football and basketball success on graduation rates and alumni giving rates},
  author={Tucker, Irvin B},
  journal={Economics of Education Review},
  volume={23},
  number={6},
  pages={655--661},
  year={2004},
  publisher={Elsevier}
}
@article{cite05,
  title={Researching destination experiences: Themes, perspectives and challenges},
  author={Lugosi, Peter and Walls, Andrew R},
  journal={Journal of Destination Marketing and Management},
  volume={2},
  number={2},
  pages={51--58},
  year={2013}
}
@article{cite06,
  title={From big noise to big data: Toward the verification of large data sets for understanding regional retail flows},
  author={Lovelace, Robin and Birkin, Mark and Cross, Philip and Clarke, Martin},
  journal={Geographical Analysis},
  volume={48},
  number={1},
  pages={59--81},
  year={2016},
  publisher={Wiley Online Library}
}
@article{cite07,
  title={Big data analysis},
  author={Trnka, Andrej},
  journal={European Journal of Science and Theology},
  volume={10},
  number={1},
  pages={143--148},
  year={2014}
}
@article{cite08,
  title={Big data, big decisions for science, society, and business},
  author={Markus, M Lynne and Topi, Heikki},
  journal={ACM Digital Library, New York},
  year={2015}
}
@article{cite09,
  title={7 the individual in the big data era: moving towards an agent-based privacy paradigm},
  author={van der Sloot, Bart},
  journal={Exploring the Boundaries of Big Data},
  pages={177},
  year={2016}
}
